% This file was created with Citavi 6.8.0.0

@misc{CreativeCommons.2021,
 author = {{Creative Commons}},
 year = {2021},
 title = {{Attribution-NonCommercial 4.0 International --- CC BY-NC 4.0}},
 url = {https://creativecommons.org/licenses/by-nc/4.0/},
 urldate = {2021-07-03}
}


@misc{DENICeG.2021,
 abstract = {Welcome to DENIC, the central registry and manager of all domain names on the Internet with the country code ending .de.},
 author = {{DENIC eG}},
 year = {2021},
 title = {{Top Level Domains}},
 url = {https://www.denic.de/en/know-how/top-level-domains/},
 urldate = {2021-07-03}
}


@article{Kosourova.2021,
 abstract = {If we run import this in a Jupyter notebook, or simply open this link, we'll get The Zen of Python, a collection of 19 guidelines for Python's design gathered by Tim Peters. One of them says$\ldots$},
 author = {Kosourova, Elena},
 year = {2021},
 title = {{The Art of Writing Efficient Code Comments - Towards Data Science}},
 url = {https://towardsdatascience.com/the-art-of-writing-efficient-code-comments-692213ed71b1},
 urldate = {2021-07-03},
 journal = {{Towards Data Science}}
}


@misc{MDNWebDocs.2021,
 abstract = {The WebSocket API is an advanced technology that makes it possible to open a two-way interactive communication session between the user's browser and a server. With this API, you can send messages to a server and receive event-driven responses without having to poll the server for a reply.},
 author = {{MDN Web Docs}},
 year = {2021},
 title = {{The WebSocket API (WebSockets) - Web APIs | MDN}},
 url = {https://developer.mozilla.org/en-US/docs/Web/API/WebSockets_API},
 urldate = {2021-07-03}
}


@book{Riti.2018,
 author = {Riti, Pierluigi},
 year = {2018},
 title = {{Pro DevOps with Google Cloud Platform}},
 address = {Berkeley, CA},
 publisher = {Apress},
 isbn = {978-1-4842-3896-7},
 doi = {10.1007/978-1-4842-3897-4},
 file = {bfbb6cae-e723-4847-8171-efdb778a459c:C\:\\Users\\Lucas\\AppData\\Local\\Swiss Academic Software\\Citavi 6\\ProjectCache\\l1ckrgd24ef5379hfvjyq2ndkf6nmtzadegg5xsbmdq1cik44\\Citavi Attachments\\bfbb6cae-e723-4847-8171-efdb778a459c.pdf:pdf}
}


@article{Weber.2019,
 abstract = {Spark is great for scaling up data science tasks and workloads! As long as you're using Spark data frames and libraries that operate on these data structures, you can scale to massive data sets that$\ldots$},
 author = {Weber, Ben},
 year = {2019},
 title = {{3 Methods for Parallelization in Spark - Towards Data Science}},
 url = {https://towardsdatascience.com/3-methods-for-parallelization-in-spark-6a1a4333b473},
 urldate = {2021-07-03},
 journal = {{Towards Data Science}}
}


